@article{ben:2009,
  title={YAML Ain't Markup Language (YAMLâ„¢) Version 1.1},
  author={Ben-Kiki, Oren and Evans, Clark and Ingerson, Brian},
  journal={Working Draft 2008-05},
  volume={11},
  year={2009}
}


@Manual{bondel:2015,
  title = {rsdmx: Tools for Reading SDMX Data and Metadata},
  author = {Emmanuel Blondel},
  year = {2015},
  note = {R package version 0.5-0},
  url = {http://CRAN.R-project.org/package=rsdmx}
}


@misc{ESS:2015,
  author = {{ESS}},
  year   = {2015},
  title  = {ESSnet on validation},
  note   = {\texttt{http://www.cros-portal.eu/content/validat-foundation}}
}

@obook{fowler:2011,
  title={Domain-Specific Languages. No},
  author={Fowler, M},
  year={2011},
  institution={ISBN 0-321-71294-3, Addison Wesley}
}

@incollection{gibbons:2015,
  title={Functional programming for domain-specific languages},
  author={Gibbons, Jeremy},
  booktitle={Central European Functional Programming School},
  pages={1--28},
  year={2015},
  publisher={Springer}
}

@Manual{loo:2015,
  title = {validate: Data Validation Infrastructure},
  author = {Mark {van der Loo} and Edwin {de Jonge}},
  year = {2015},
  note = {R package version 0.1.4},
  url = {https://github.com/data-cleaning/validate}
}


@inproceedings{pannekoek:2014, 
  title = {Implementation and evaluation of automatic editing for business surveys}, 
  author = {J. Pannekoek and M. van der Loo}, 
  booktitle = {United {N}ations {E}conomic {C}omission for {E}urope 
               {W}ork {S}ession on {S}tatistical {D}ata {E}diting}, 
  year = {2014}, 
  pdf = {http://www.markvanderloo.eu/files/statistics/Topic_2_NL_Pannekoek.pdf}, 
  address = {Paris}, 
  url = {http://www.unece.org/stats/documents/2014.04.sde.html}
}

@Manual{rcore:2015,
  title = {R: A Language and Environment for Statistical Computing},
  author = {{R Core Team}},
  organization = {R Foundation for Statistical Computing},
  address = {Vienna, Austria},
  year = {2015},
  url = {https://www.R-project.org/}
}



@techreport{walsdorfer:2015,
  author = {
    Katrin Walsdorfer
    and Sara Gie{\ss}ing},
  title = {Consolidated response of the survey on validation rules},
  institution = {ESSnet on validation},
  number = {Work package 1 deliverable},
  year = {2015}
}


@article{wickham:2014,
  title={dplyr: A grammar of data manipulation},
  author={Wickham, Hadley and Francois, Romain},
  journal={R package version 0.3. 0.2},
  year={2014}
}

@article{wickham:2011,
  title={ggplot2},
  author={Wickham, Hadley},
  journal={Wiley Interdisciplinary Reviews: Computational Statistics},
  volume={3},
  number={2},
  pages={180--185},
  year={2011},
  publisher={Wiley Online Library}
}

@book{wilkinson:2006,
  title={The grammar of graphics},
  author={Wilkinson, Leland},
  year={2006},
  publisher={Springer Science \& Business Media}
}


@techreport{zio:2015,
  author = {
       Marco Di Zio
       and Nade\v{z}da Fursova
       and Tjalling Gelsema
       and Sarah Gie{\ss}ing
       and Ugo Guarnera
       and J\={u}rat\.{e} Petrauskien\.{e}
       and Lucas Quensel-von Kalben 
       and Mauro Scanu
       and Olav ten Bosch
       and Mark van der Loo 
       and Katrin Walsdorfer},
  title = {A generic framework for data validation},
  institution = {ESSnet on validation},
  number = {Work package 2 deliverable},
  year = {2015}
}



